<?xml version="1.0" encoding="UTF-8"?>
<marc:collection xmlns:marc="http://www.loc.gov/MARC21/slim" xmlns:xsi="http://www.w3.org/2001/XMLSchema-instance" xsi:schemaLocation="http://www.loc.gov/MARC21/slim http://www.loc.gov/standards/marcxml/schema/MARC21slim.xsd">
   <marc:record type="Bibliographic">
      <marc:leader>01905cam a2200385 a 4500</marc:leader>
      <marc:controlfield tag="001">393350</marc:controlfield>
      <marc:controlfield tag="003">NjP</marc:controlfield>
      <marc:controlfield tag="005">20120717091010.0</marc:controlfield>
      <marc:controlfield tag="008">870825s1934    mr            000 0 ara d</marc:controlfield>
      <marc:datafield tag="024" ind1="7" ind2=" ">
         <marc:subfield code="a">princeton_aco000464</marc:subfield>
         <marc:subfield code="2">local</marc:subfield>
      </marc:datafield>
      <marc:datafield tag="035" ind1=" " ind2=" ">
         <marc:subfield code="a">(OCoLC)25342202</marc:subfield>
      </marc:datafield>
      <marc:datafield tag="035" ind1=" " ind2=" ">
         <marc:subfield code="a">(OCoLC)ocn175589723</marc:subfield>
      </marc:datafield>
      <marc:datafield tag="035" ind1=" " ind2=" ">
         <marc:subfield code="a">(OCoLC)175589723</marc:subfield>
      </marc:datafield>
      <marc:datafield tag="035" ind1=" " ind2=" ">
         <marc:subfield code="a">(CStRLIN)NJPG87-B41028</marc:subfield>
      </marc:datafield>
      <marc:datafield tag="035" ind1=" " ind2=" ">
         <marc:subfield code="9">ABW8831TS</marc:subfield>
      </marc:datafield>
      <marc:datafield tag="035" ind1=" " ind2=" ">
         <marc:subfield code="a">(NjP)393350</marc:subfield>
      </marc:datafield>
      <marc:datafield tag="040" ind1=" " ind2=" ">
         <marc:subfield code="a">NjP</marc:subfield>
         <marc:subfield code="c">PUL</marc:subfield>
         <marc:subfield code="d">PUL</marc:subfield>
      </marc:datafield>
      <marc:datafield tag="049" ind1=" " ind2=" ">
         <marc:subfield code="a">PULL</marc:subfield>
      </marc:datafield>
      <marc:datafield tag="079" ind1=" " ind2=" ">
         <marc:subfield code="a">ocm25342202</marc:subfield>
         <marc:subfield code="z">ocm33995519</marc:subfield>
         <marc:subfield code="z">ocm36573025</marc:subfield>
      </marc:datafield>
      <marc:datafield tag="100" ind1="1" ind2=" ">
         <marc:subfield code="6">880-01</marc:subfield>
         <marc:subfield code="a">Baḥraq, Muḥammad ibn ʻUmar,</marc:subfield>
         <marc:subfield code="d">1465-1524.</marc:subfield>
      </marc:datafield>
      <marc:datafield tag="240" ind1="1" ind2="0">
         <marc:subfield code="6">880-02</marc:subfield>
         <marc:subfield code="a">Nashr al-ʻalam fī sharḥ Lāmiyat al-ʻajam</marc:subfield>
      </marc:datafield>
      <marc:datafield tag="245" ind1="1" ind2="0">
         <marc:subfield code="6">880-03</marc:subfield>
         <marc:subfield code="a">Kitāb nashr al-ʻalam fī sharḥ Lāmiyat al-ʻajam /</marc:subfield>
         <marc:subfield code="c">[lil-shaykh Jamāl al-Dīn Muḥammad ibn ʻUmar ibn Mubārak al-Ḥaḍramī].</marc:subfield>
      </marc:datafield>
      <marc:datafield tag="260" ind1=" " ind2=" ">
         <marc:subfield code="6">880-04</marc:subfield>
         <marc:subfield code="a">[Fez?] :</marc:subfield>
         <marc:subfield code="b">Yuṭlabu min al-Maktabah al-Adabīyah,</marc:subfield>
         <marc:subfield code="c">1934.</marc:subfield>
      </marc:datafield>
      <marc:datafield tag="300" ind1=" " ind2=" ">
         <marc:subfield code="a">8, 96 p. ;</marc:subfield>
         <marc:subfield code="c">22 cm.</marc:subfield>
      </marc:datafield>
      <marc:datafield tag="600" ind1="1" ind2="0">
         <marc:subfield code="6">880-05</marc:subfield>
         <marc:subfield code="a">Ṭughrāʼī, al-Ḥusayn ibn ʻAlī,</marc:subfield>
         <marc:subfield code="d">1061 or 2-1121?</marc:subfield>
         <marc:subfield code="t">Lāmiyat al-ʻajam.</marc:subfield>
      </marc:datafield>
      <marc:datafield tag="700" ind1="1" ind2="2">
         <marc:subfield code="6">880-06</marc:subfield>
         <marc:subfield code="a">Ṭughrāʼī, al-Ḥusayn ibn ʻAlī,</marc:subfield>
         <marc:subfield code="d">1061 or 2-1121?</marc:subfield>
         <marc:subfield code="t">Lāmiyat al-ʻajam.</marc:subfield>
         <marc:subfield code="f">1934.</marc:subfield>
      </marc:datafield>
      <marc:datafield tag="880" ind1="1" ind2=" ">
         <marc:subfield code="6">100-01/r</marc:subfield>
         <marc:subfield code="a">بحرق، محمد بن عمر،</marc:subfield>
         <marc:subfield code="d">1465-1524.</marc:subfield>
      </marc:datafield>
      <marc:datafield tag="880" ind1="1" ind2="0">
         <marc:subfield code="6">240-02/r</marc:subfield>
         <marc:subfield code="a">نشر العلم في شرح لامية العجم</marc:subfield>
      </marc:datafield>
      <marc:datafield tag="880" ind1="1" ind2="0">
         <marc:subfield code="6">245-03/r</marc:subfield>
         <marc:subfield code="a">كتاب نشر العلم في شرح لامية العجم /</marc:subfield>
         <marc:subfield code="c">[للشيخ جمال الدين محمد بن عمر بن مبارك الحضرمي].</marc:subfield>
      </marc:datafield>
      <marc:datafield tag="880" ind1=" " ind2=" ">
         <marc:subfield code="6">260-04/r</marc:subfield>
         <marc:subfield code="a">[فاس؟] :</marc:subfield>
         <marc:subfield code="b">يطلب من المكتبة الادبية،</marc:subfield>
         <marc:subfield code="c">1934.</marc:subfield>
      </marc:datafield>
      <marc:datafield tag="880" ind1="1" ind2="0">
         <marc:subfield code="6">600-05/r</marc:subfield>
         <marc:subfield code="a">طغرائي، الحسين بن علي،</marc:subfield>
         <marc:subfield code="d">1061 or 2-1121؟</marc:subfield>
         <marc:subfield code="t">لامية العجم.</marc:subfield>
      </marc:datafield>
      <marc:datafield tag="880" ind1="1" ind2="2">
         <marc:subfield code="6">700-06/r</marc:subfield>
         <marc:subfield code="a">طغرائي، الحسين بن علي،</marc:subfield>
         <marc:subfield code="d">1061 or 2-1121؟</marc:subfield>
         <marc:subfield code="t">لامية العجم.</marc:subfield>
         <marc:subfield code="f">1934.</marc:subfield>
      </marc:datafield>
      <marc:datafield tag="998" ind1=" " ind2=" ">
         <marc:subfield code="a">11/08/91</marc:subfield>
         <marc:subfield code="s">9114</marc:subfield>
         <marc:subfield code="n">NjP</marc:subfield>
         <marc:subfield code="w">NJPG87B41028</marc:subfield>
         <marc:subfield code="d">08/25/87</marc:subfield>
         <marc:subfield code="c">JCB</marc:subfield>
         <marc:subfield code="b">JEB</marc:subfield>
         <marc:subfield code="i">911108</marc:subfield>
         <marc:subfield code="l">NJPG</marc:subfield>
      </marc:datafield>
      <marc:datafield tag="911" ind1=" " ind2=" ">
         <marc:subfield code="a">19921028</marc:subfield>
      </marc:datafield>
      <marc:datafield tag="912" ind1=" " ind2=" ">
         <marc:subfield code="a">19911108000000.0</marc:subfield>
      </marc:datafield>
      <marc:datafield tag="994" ind1=" " ind2=" ">
         <marc:subfield code="a">C0</marc:subfield>
         <marc:subfield code="b">PUL</marc:subfield>
      </marc:datafield>
      <marc:datafield tag="999" ind1=" " ind2=" ">
         <marc:subfield code="a">393350</marc:subfield>
      </marc:datafield>
   </marc:record>
</marc:collection>
